<record><leader>00000cas a2200000 a 4500</leader><controlfield tag="001">44147533</controlfield><controlfield tag="008">000530d19uu1960cauwr ne      0    0eng c</controlfield><datafield ind1=" " ind2=" " tag="010"><subfield code="a">sn 00060635 </subfield></datafield><datafield ind1=" " ind2=" " tag="040"><subfield code="a">CNK</subfield><subfield code="b">eng</subfield><subfield code="c">CNK</subfield><subfield code="d">CNK</subfield><subfield code="d">OCLCQ</subfield></datafield><datafield ind1=" " ind2=" " tag="042"><subfield code="a">pcc</subfield></datafield><datafield ind1=" " ind2=" " tag="043"><subfield code="a">n-us-ca</subfield></datafield><datafield ind1="0" ind2="0" tag="245"><subfield code="a">Pacific Palisades post.</subfield></datafield><datafield ind1=" " ind2=" " tag="260"><subfield code="a">Pacific Palisades, Calif. :</subfield><subfield code="b">Paul E. Weaver, Jr.</subfield></datafield><datafield ind1=" " ind2=" " tag="300"><subfield code="a">v.</subfield></datafield><datafield ind1=" " ind2=" " tag="310"><subfield code="a">Weekly</subfield></datafield><datafield ind1="0" ind2=" " tag="362"><subfield code="a">-v. 11, no. 33 (Aug. 25, 1960).</subfield></datafield><datafield ind1=" " ind2=" " tag="500"><subfield code="a">"Covering Pacific Palisades, Huntington Palisades, Mira Mar Estates, Riviera, Castellammare and S.M. Canyon."</subfield></datafield><datafield ind1=" " ind2=" " tag="500"><subfield code="a">"Post" appears in larger print in an ornament between "Pacific" and "Palisades."</subfield></datafield><datafield ind1=" " ind2=" " tag="530"><subfield code="a">Master negatives are available for duplication from:</subfield><subfield code="b">California Newspaper Microfilm Archive;</subfield><subfield code="c">positive copies may be purchased by the reel; for further information consult the CNMA at:</subfield><subfield code="u">http://cbsr.ucr.edu</subfield></datafield><datafield ind1=" " ind2=" " tag="588"><subfield code="a">Description based on: Vol. 1, no. 45 (Nov. 16, 1950).</subfield></datafield><datafield ind1=" " ind2="0" tag="651"><subfield code="a">Pacific Palisades (Calif.)</subfield><subfield code="v">Newspapers.</subfield></datafield><datafield ind1=" " ind2=" " tag="752"><subfield code="a">United States</subfield><subfield code="b">California</subfield><subfield code="c">Los Angeles</subfield><subfield code="d">Los Angeles.</subfield></datafield><datafield ind1="0" ind2="7" tag="785"><subfield code="t">Palisadian (Pacific Palisades, Los Angeles, Calif.)</subfield><subfield code="w">(DLC)sn 95061120</subfield></datafield><datafield ind1="0" ind2="7" tag="785"><subfield code="t">Palisadian Pacific Palisades post</subfield><subfield code="w">(DLC)sn2011271196</subfield></datafield><datafield ind1="1" ind2=" " tag="029"><subfield code="a">AU@</subfield><subfield code="b">000021576244</subfield></datafield></record>